@article{russell2006mathematics,
    title={Mathematics of sudoku II},
    author={Russell, Ed and Jarvis, Frazer},
    journal={Mathematical Spectrum},
    volume={39},
    number={2},
    pages={54--58},
    year={2006},
    publisher={Citeseer}
}

@article{felgenhauer2006mathematics,
    title={Mathematics of sudoku I},
    author={Felgenhauer, Bertram and Jarvis, Frazer},
    journal={Mathematical Spectrum},
    volume={39},
    number={1},
    pages={15--22},
    year={2006},
    publisher={Citeseer}
}